% Find literature at Google Scholar, then click cite link below and choose BibTeX. When you copy it here, check if title capitalization works as intended. If there are abbreviations, names, or any other text that needs to stay capitalized, put it in {}. For example:
% title={Usage of JavaScript and Other Programming Languages in Switzerland}
% Would be printed as: "Usage of javascript and other programming languages in switzerland," to fix it, use:
% title={Usage of {JavaScript} and Other Programming Languages in {Switzerland}}
% Which will print it as "Usage of JavaScript and other programming languages in Switzerland," which is the correct capitalization in references.

@article{weinberg,
  title = {A Model of Leptons},
  author = {Weinberg, Steven},
  journal = {Phys. Rev. Lett.},
  volume = {19},
  issue = {21},
  pages = {1264--1266},
  numpages = {0},
  year = {1967},
  month = {Nov},
  publisher = {American Physical Society},
  doi = {10.1103/PhysRevLett.19.1264},
  url = {https://link.aps.org/doi/10.1103/PhysRevLett.19.1264}
}

@article{art_nature_cms,
    title = {A portrait of the Higgs boson by the {CMS} experiment ten years after the discovery},
    author ={{CMS Collaboration}},
    journal = {Nature},
    volume = {607},
    issue = {7917},
    pages = {60--68},
    month = {jul},
    publisher = {Springer Science and Business Media {LLC}},
    year = 2022,
	doi = {10.1038/s41586-022-04892-x},
	url = {https://doi.org/10.1038%2Fs41586-022-04892-x},
}




@article{res_CMS_combined,
  title = {Combination of {S}earches for {H}iggs Boson Pair Production in Proton-Proton Collisions at {$\sqrt{s}=13\text{ }\text{ }\mathrm{TeV}$}},
    author ={{CMS Collaboration}},
  journal = {Phys. Rev. Lett.},
  volume = {122},
  issue = {12},
  pages = {121803},
  numpages = {18},
  year = {2019},
  month = {Mar},
  publisher = {American Physical Society},
  doi = {10.1103/PhysRevLett.122.121803},
  url = {https://link.aps.org/doi/10.1103/PhysRevLett.122.121803},
}

@article{atlas_combined,
title = {Constraints on the {H}iggs boson self-coupling from single- and double-Higgs production with the ATLAS detector using pp collisions at {$\sqrt{s}=13\text{ }\text{ }\mathrm{TeV}$}},
journal = {Physics Letters B},
author = {{ATLAS Collaboration}},
volume = {843},
pages = {137745},
year = {2023},
issue = {0370-2693},
doi = {https://doi.org/10.1016/j.physletb.2023.137745},
}


@article{higgs_art,
title = {Broken symmetries, massless particles and gauge fields},
journal = {Physics Letters},
volume = {12},
number = {2},
pages = {132-133},
year = {1964},
issue = {0031-9163},
doi = {https://doi.org/10.1016/0031-9163(64)91136-9},
url = {https://www.sciencedirect.com/science/article/pii/0031916364911369},
author = {P.W. Higgs}
}

@article{brout_art,
  title = {Broken {S}ymmetry and the Mass of Gauge Vector Mesons},
  author = {Englert, F. and Brout, R.},
  journal = {Phys. Rev. Lett.},
  volume = {13},
  issue = {9},
  pages = {321--323},
  numpages = {0},
  year = {1964},
  month = {Aug},
  publisher = {American Physical Society},
  doi = {10.1103/PhysRevLett.13.321},
  url = {https://link.aps.org/doi/10.1103/PhysRevLett.13.321}
}

@misc{higgs_width,
  doi = {10.5170/CERN-2012-002},
  
  url = {http://cds.cern.ch/record/1416519},
  
  author = {{LHC Higgs Cross Section Working Group}},

  title = {Handbook of LHC Higgs Cross Sections: 2. Differential Distributions},
  
  publisher = {CERN},
  
  year = {2012}
}

@article{theoretical_pair_prod,
	doi = {10.1016/j.physletb.2020.135292},
  
	url = {https://doi.org/10.1016%2Fj.physletb.2020.135292},
  
	year = 2020,
	month = {apr},
  
	publisher = {Elsevier {BV}
},
  
	volume = {803},
  
	pages = {135292},
  
	author = {Long-Bin Chen and Hai Tao Li and Hua-Sheng Shao and Jian Wang},
  
	title = {Higgs boson pair production via gluon fusion at {N3LO} in {QCD}},
  
	journal = {Physics Letters B}
}



@article{cms_detector,
      author       = {{CMS Collaboration}},

      title         = {The {CMS} experiment at the {CERN LHC}. The {C}ompact {M}uon
                       {S}olenoid experiment},
      journal       = {JINST},
      volume        = {3},
      pages         = {S08004},
      year          = {2008},
      url           = {https://cds.cern.ch/record/1129810},
      note          = {Also published by CERN Geneva in 2010},
      doi           = {10.1088/1748-0221/3/08/S08004},
}


@article{phase2_tdr,
    editor = "Contardo, D. and Klute, M. and Mans, J. and Silvestris, L. and Butler, J.",
    title = "{Technical {P}roposal for the {P}hase-{II} {U}pgrade of the {CMS} {D}etector}",
    reportNumber = "CERN-LHCC-2015-010, LHCC-P-008, CMS-TDR-15-02",
    doi = "10.17181/CERN.VU8I.D59J",
    month = "6",
    year = "2015"
}

@article{delphes,
	doi = {10.1007/jhep02(2014)057},
  	url = {https://doi.org/10.1007%2Fjhep02%282014%29057},
  	year = 2014,
	month = {feb},
  	publisher = {Springer Science and Business Media {LLC}},
	volume = {2014},
	number = {2},
	author = {J. de Favereau and C. Delaere and P. Demin and A. Giammanco and V. Lema{\^{\i}}tre and A. Mertens and M. Selvaggi},
	title = {{DELPHES} 3: a modular framework for fast simulation of a generic collider experiment},
	journal = {Journal of High Energy Physics},
}

@article{H_mumu,
	doi = {10.1007/jhep01(2021)148},
  
	url = {https://doi.org/10.1007/JHEP01(2021)148},
  
	year = 2021,
	month = {jan},
  
	publisher = {Springer Science and Business Media {LLC}},
	volume = {2021},
  
	number = {1},
    author = {The {CMS} {C}ollaboration},  
  	title = {Evidence for {H}iggs boson decay to a pair of muons},
	journal = {Journal of High Energy Physics}
}
@article{theo_pair,
    author ={Lu, Chih-Ting and Chang, Jung and Cheung, Kingman and Lee, Jae Sik},
    title = {An exploratory study of {H}iggs-boson pair production},
    journal = {Journal of High Energy Physics},
    year = 2015,
    volume = {2015},
    issue = 8,
    url = {https://doi.org/10.1007/JHEP08(2015)133},
    doi = {10.1007/JHEP08(2015)133}

}

@book{susy, 
    place={Cambridge}, 
    title={Supersymmetry in {P}article {P}hysics: {A}n {E}lementary {I}ntroduction},
    DOI={10.1017/CBO9780511619250}, 
    publisher={Cambridge University Press}, 
    author={Aitchison, Ian}, 
    year={2007}}

@book{chm,
	doi = {10.1007/978-3-319-22617-0},
  
	url = {https://doi.org/10.1007%2F978-3-319-22617-0},
  
	year = 2016,
	publisher = {Springer International Publishing},
  
	author = {Giuliano Panico and Andrea Wulzer},
  
	title = {The {C}omposite {N}ambu-{G}oldstone {H}iggs}
}

@misc{HL-LHC_Higgs,
      title={Higgs {P}hysics at the {HL-LHC} and {HE-LHC}}, 
      author={M. Cepeda and S. Gori et al.},
      year={2019},
      eprint={1902.00134},
      archivePrefix={arXiv},
      primaryClass={hep-ph}
}

@article{particle_flow,
	doi = {10.1088/1748-0221/12/10/p10003},
  
	url = {https://doi.org/10.1088%2F1748-0221%2F12%2F10%2Fp10003},
	year = 2017,
	month = {oct},
	publisher = {{IOP} Publishing},
	volume = {12},
	number = {10},
    author = {The {CMS} {C}ollaboration},
	title = {Particle-flow reconstruction and global event description with the {CMS} detector},
	journal = {Journal of Instrumentation},
}